<record><leader>00000cas a22000007a 4500</leader><controlfield tag="001">14634629</controlfield><controlfield tag="008">861104d18761878txuwr ne      0    0eng d</controlfield><datafield ind1=" " ind2=" " tag="010"><subfield code="a">sn 86089970 </subfield></datafield><datafield ind1=" " ind2=" " tag="040"><subfield code="a">PPM</subfield><subfield code="b">eng</subfield><subfield code="c">PPM</subfield><subfield code="d">OCLCQ</subfield></datafield><datafield ind1=" " ind2=" " tag="042"><subfield code="a">msc</subfield></datafield><datafield ind1="0" ind2=" " tag="130"><subfield code="a">Western star (Palo Pinto, Tex. : 1876)</subfield></datafield><datafield ind1="1" ind2="4" tag="245"><subfield code="a">The western star.</subfield></datafield><datafield ind1=" " ind2=" " tag="260"><subfield code="a">Palo Pinto, Tex. :</subfield><subfield code="b">Jas C. Son</subfield></datafield><datafield ind1=" " ind2=" " tag="300"><subfield code="a">2 v. :</subfield><subfield code="b">ill. (chiefly advertisements) ;</subfield><subfield code="c">51 cm.</subfield></datafield><datafield ind1=" " ind2=" " tag="310"><subfield code="a">Weekly</subfield></datafield><datafield ind1="1" ind2=" " tag="362"><subfield code="a">Began in 1876; ceased in Mar. 1878.</subfield></datafield><datafield ind1=" " ind2=" " tag="588"><subfield code="a">Description based on: Vol. 2, no. 12 (Sept. 15, 1877).</subfield></datafield><datafield ind1=" " ind2=" " tag="752"><subfield code="a">United States</subfield><subfield code="b">Texas</subfield><subfield code="c">Palo Pinto</subfield><subfield code="d">Palo Pinto.</subfield></datafield><datafield ind1="0" ind2="0" tag="785"><subfield code="t">Palo Pinto star</subfield><subfield code="w">(DLC)sn 86089968</subfield></datafield></record>